<?xml version="1.0" encoding="utf-8"?>
<record xmlns="http://www.loc.gov/MARC21/slim" xmlns:xsi="http://www.w3.org/2001/XMLSchema-instance" xsi:schemaLocation="http://www.loc.gov/MARC21/slim http://www.loc.gov/standards/marcxml/schema/MARC21slim.xsd">
	<leader>     nam a22        4500</leader>
	<controlfield tag="001">2482884</controlfield>
	<controlfield tag="003">NNC</controlfield>
	<controlfield tag="006">m        d        </controlfield>
	<controlfield tag="007">cr cn |||m|||a</controlfield>
	<controlfield tag="008">160519s1911    ua      o     000 0 arard</controlfield>
	<datafield ind1=" " ind2=" " tag="040">
		<subfield code="a">NNU</subfield>
		<subfield code="b">eng</subfield>
		<subfield code="e">rda</subfield>
		<subfield code="c">NNU</subfield>
	</datafield>
	<datafield ind1="0" ind2="4" tag="050">
		<subfield code="a">CE59</subfield>
		<subfield code="b">.M8</subfield>
	</datafield>
	<datafield ind1="1" ind2=" " tag="100">
		<subfield code="6">880-01</subfield>
		<subfield code="a">Muṭīʻī, Muḥammad Bakhīt.</subfield>
	</datafield>
	<datafield ind1="1" ind2="0" tag="240">
		<subfield code="6">880-02</subfield>
		<subfield code="a">Irshād ahl al-millah ilá ithbāt al-ahillah</subfield>
	</datafield>
	<datafield ind1="1" ind2="0" tag="245">
		<subfield code="6">880-03</subfield>
		<subfield code="a">Kitāb irshād ahl al-millah ilá ithbāt al-ahillah /</subfield>
		<subfield code="c">taʼlīf Muḥammad Bakhīt al-Muṭīʻī al-Ḥanafī. Wa-yalīhi Kitāb al-ʻilm al-manshūr fī ithbāt al-shuhūr / li-al-Subkī.</subfield>
	</datafield>
	<datafield ind1="3" ind2="0" tag="246">
		<subfield code="6">880-04</subfield>
		<subfield code="a">Irshād ahl al-millah ilá ithbāt al-ahillah</subfield>
	</datafield>
	<datafield ind1=" " ind2=" " tag="260">
		<subfield code="6">880-05</subfield>
		<subfield code="a">[Egypt?] :</subfield>
		<subfield code="b">[publisher not identified],</subfield>
		<subfield code="c">1329 [1911]</subfield>
		<subfield code="e">(Miṣr :</subfield>
		<subfield code="b">Maṭbaʻat al-Kurdistān al-ʻIlmīyah)</subfield>
	</datafield>
	<datafield ind1=" " ind2=" " tag="300">
		<subfield code="a">online resource (384, 56 pages)</subfield>
	</datafield>
	<datafield ind1=" " ind2=" " tag="336">
		<subfield code="a">text</subfield>
		<subfield code="2">rdacontent</subfield>
	</datafield>
	<datafield ind1=" " ind2=" " tag="337">
		<subfield code="a">computer</subfield>
		<subfield code="2">rdamedia</subfield>
	</datafield>
	<datafield ind1=" " ind2=" " tag="338">
		<subfield code="a">online resource</subfield>
		<subfield code="2">rdacarrier</subfield>
	</datafield>
	<datafield ind1=" " ind2=" " tag="500">
		<subfield code="a">Part of the Arabic Collections Online (ACO) project, contributed by Columbia University Libraries.</subfield>
	</datafield>
	<datafield ind1=" " ind2=" " tag="533">
		<subfield code="a">Electronic reproduction.</subfield>
		<subfield code="b">New York, N.Y. :</subfield>
		<subfield code="c">New York University,</subfield>
		<subfield code="d">2016.</subfield>
		<subfield code="5">NNU</subfield>
	</datafield>
	<datafield ind1=" " ind2="0" tag="650">
		<subfield code="a">Islamic calendar.</subfield>
	</datafield>
	<datafield ind1=" " ind2="7" tag="650">
		<subfield code="a">Islamic calendar.</subfield>
		<subfield code="2">fast</subfield>
		<subfield code="0">(OCoLC)fst01730291</subfield>
	</datafield>
	<datafield ind1="1" ind2="2" tag="700">
		<subfield code="6">880-06</subfield>
		<subfield code="a">Subkī, Taqī al-Dīn ʻAlī ibn ʻAbd al-Kāfī,</subfield>
		<subfield code="d">1284-1355.</subfield>
		<subfield code="t">ʻIlm al-manshūr fī ithbāt al-shuhūr.</subfield>
	</datafield>
	<datafield ind1="2" ind2=" " tag="710">
		<subfield code="a">Columbia University.</subfield>
		<subfield code="b">Libraries.</subfield>
	</datafield>
	<datafield ind1="0" ind2=" " tag="730">
		<subfield code="a">Arabic Collections Online.</subfield>
	</datafield>
	<datafield ind1="0" ind2="2" tag="740">
		<subfield code="6">880-07</subfield>
		<subfield code="a">ʻIlm al-manshūr fī ithbāt al-shuhūr.</subfield>
	</datafield>
	<datafield ind1="0" ind2="8" tag="776">
		<subfield code="i">Online version:</subfield>
		<subfield code="a">Muṭīʻī, Muḥammad Bakhīt.</subfield>
		<subfield code="s">Irshād ahl al-millah ilá ithbāt al-ahillah.</subfield>
		<subfield code="t">Kitāb irshād ahl al-millah ilá ithbāt al-ahillah.</subfield>
		<subfield code="d">[Egypt? : s.n.], 1329 [1911] (Miṣr : Maṭbaʻat al-Kurdistān al-ʻIlmīyah)</subfield>
		<subfield code="w">(OCoLC)780200239</subfield>
	</datafield>
	<datafield ind1="0" ind2="8" tag="776">
		<subfield code="i">Print version:</subfield>
		<subfield code="a">Muṭīʻī, Muḥammad Bakhīt.</subfield>
		<subfield code="t">Kitāb irshād ahl al-millah ilá ithbāt al-ahillah</subfield>
		<subfield code="w">(NNC)2482884</subfield>
		<subfield code="w">(DLC)ne 65000657 </subfield>
		<subfield code="w">(OCoLC)44656811</subfield>
	</datafield>
	<datafield ind1="4" ind2="0" tag="856">
		<subfield code="u">http://hdl.handle.net/2333.1/vq83bnq8</subfield>
	</datafield>
	<datafield ind1="1" ind2=" " tag="880">
		<subfield code="6">100-01/r</subfield>
		<subfield code="a">مطيعي، محمد بخيت.</subfield>
	</datafield>
	<datafield ind1="1" ind2="0" tag="880">
		<subfield code="6">240-02/r</subfield>
		<subfield code="a">إرشاد أهل الملة إلى إثبات الأهلة</subfield>
	</datafield>
	<datafield ind1="1" ind2="0" tag="880">
		<subfield code="6">245-03/r</subfield>
		<subfield code="a">كتاب إرشاد أهل الملة إلى إثبات الأهلة /</subfield>
		<subfield code="c">تأليف محمد بخيت المطيعي الحنفي. ويليه كتاب العلم المنشور في إثبات الشهور، للسبكي.</subfield>
	</datafield>
	<datafield ind1="3" ind2="0" tag="880">
		<subfield code="6">246-04/r</subfield>
		<subfield code="a">ارشاد اهل الملة الى اثبات الاهلة</subfield>
	</datafield>
	<datafield ind1=" " ind2=" " tag="880">
		<subfield code="6">260-05/r</subfield>
		<subfield code="a">[مصر؟ :</subfield>
		<subfield code="b">.s.n]،</subfield>
		<subfield code="c">1329 [1911]</subfield>
		<subfield code="e">(مصر :</subfield>
		<subfield code="b">مطبعة الكردستان العلمية)</subfield>
	</datafield>
	<datafield ind1="1" ind2="2" tag="880">
		<subfield code="6">700-06/r</subfield>
		<subfield code="a">سبكي، تقي الدين علي بن عبد الكافي،,</subfield>
		<subfield code="d">1284-1355.</subfield>
		<subfield code="t">عالم المنشور في اثبات الشهور.</subfield>
	</datafield>
	<datafield ind1="0" ind2="2" tag="880">
		<subfield code="6">740-07/r</subfield>
		<subfield code="a">علم المنشور في إثبات الشهور.</subfield>
	</datafield>
	<datafield ind1=" " ind2=" " tag="959">
		<subfield code="a">NNU</subfield>
		<subfield code="b">WEB</subfield>
		<subfield code="c">GENI</subfield>
		<subfield code="t">0</subfield>
		<subfield code="m">Electronic access</subfield>
		<subfield code="s">01</subfield>
	</datafield>
	<datafield ind1=" " ind2=" " tag="999">
		<subfield code="i">NNC_2482884</subfield>
		<subfield code="o">(OCoLC)ocm44656811 </subfield>
		<subfield code="s">columbia_aco001124</subfield>
	</datafield>
</record>
